@Book{kafka66,
  author =	 {Kafka, Franz},
  title =	 {Letter to His Father},
  publisher =	 {Schocken Books},
  year =	 {1966},
  address =	 {New York, NY}
}

@Book{kafka08,
  author =	 {Kafka, Franz},
  title =	 {Amerika},
  publisher =	 {Schocken Books},
  year =	 {2008},
  address =	 {New York, NY}
}

@Book{kafka95,
  author =	 {Kafka, Franz},
  title =	 {The Metamorphosis, In the Penal Colony, and Other Stories},
  publisher =	 {Schocken Books},
  year =	 {1995},
  address =	 {New York, NY}
}

@Book{kafka98b,
  author =	 {Kafka, Franz},
  title =	 {The Castle},
  publisher =	 {Schocken Books},
  year =	 {1998},
  address =	 {New York, NY}
}

@Book{kafka98a,
  author =	 {Kafka, Franz},
  title =	 {The Trial},
  publisher =	 {Schocken Books},
  year =	 {1998},
  address =	 {New York, NY}
}

@Book{auden62,
  author =	 {Auden, W.H.},
  title =	 {The Dyer's Hand and Other Essays},
  publisher =	 {Vintage Books},
  year =	 {1962},
  address =	 {New York, NY}
}

@incollection{buber60,
  title =	 {Guilt and Guilt Feelings},
  author =	 {Buber, Martin},
  editor =	 {Buber Agassi, Judith},
  booktitle =	 {Martin Buber on Psychology and Psychotherapy},
  pages =	 {129--138},
  year =	 {1960},
  publisher =	 {Syracuse University},
  address =	 {New York, NY}
}                  

@book{williams04,
  title =	 {Truth and Truthfulness: An Essay in Genealogy},
  author =	 {Williams, Bernard},
  year =	 {2004},
  publisher =	 {Princeton University},
  address =	 {Ewing, NJ}
}

@book{dosto04,
  title =	 {Notes from the Underground},
  author =	 {Dostoyevsky, Fyodor},
  year =	 {2004},
  publisher =	 {Princeton University},
  address =	 {Ewing, NJ}
}

@incollection{foucault77,
  author =	 {Foucault, Michel},
  title =	 {Nietzsche, Genealogy, History},
  editor =	 {Bouchard, D.F.},
  pages =	 {139--165},
  booktitle =	 {Language, Counter-Memory, Practice},
  year =	 {1977},
  publisher =	 {Cornell University},
  address =	 {Ithaca, NY}
}

@book{strawson08,
  author =	 {Strawson, P.F.},
  title =	 {Freedom and Resentment and Other Essays},
  publisher =	 {Routledge},
  year =	 {2008},
  address =	 {London New York}
}

@incollection{bennett80,
  title =	 {Accountability},
  author =	 {Jonathan Bennett},
  editor =	 {Zak van Straaten},
  booktitle =	 {Philosophical Subjects},
  publisher =	 {Clarendon},
  year =	 {1980},
  address =	 {Oxford UK}
}

@book{pascal66,
  author =	 {Blaise Pascal},
  title =	 {Pascal's Pens{\'e}es},
  address =	 {Harmondsworth, UK},
  publisher =	 {Penguin},
  year =	 {1966}
}

@book{hume09,
  title =	 {A Treatise of Human Nature},
  author =	 {Hume, David},
  year =	 {2009},
  publisher =	 {Oxford University},
  address =	 {Oxford, UK}
}

@book{magny45,
  title =	 {Les Sandales d'Emp{\'e}docle},
  author =	 {Claude-Edmonde Magny},
  address =	 {Neuchatel},
  publisher =	 {{\'E}ditions de la Baconni{\`e}re},
  year =	 {1945}
}

@Book{blanchot95,
  author =	 {Blanchot, Maurice},
  title =	 {The Work of Fire},
  publisher =	 {Stanford University},
  year =	 {1995},
  address =	 {Stanford, CA}
}

@article{russell92,
  title={Strawson's Way of Naturalizing Responsibility},
  author={Russell, Paul},
  journal={Ethics},
  volume={102},
  number={2},
  pages={287--302},
  year={1992},
  publisher={University of Chicago}
}
